@ARTICLE{Einstein,
    AUTHOR= "Albert Einstein",
    TITLE= "A Famous Paper",
    JOURNAL= "Physical Review",
    VOLUME= 123,
    PAGES= "456-789"
}
      
